@article{gale1993program,
  title={A program for aligning sentences in bilingual corpora},
  author={Gale, William A and Church, Kenneth W},
  journal={Computational linguistics},
  volume={19},
  number={1},
  pages={75--102},
  year={1993},
  publisher={MIT Press}
}